<record><leader>00000cas a2200000 a 4500</leader><controlfield tag="001">48513692</controlfield><controlfield tag="008">011130d19uu1977caucr ne      0    0eng c</controlfield><datafield ind1=" " ind2=" " tag="010"><subfield code="a">sn2001060573</subfield></datafield><datafield ind1=" " ind2=" " tag="040"><subfield code="a">CNK</subfield><subfield code="b">eng</subfield><subfield code="c">CNK</subfield><subfield code="d">OCLCQ</subfield><subfield code="d">OCLCF</subfield><subfield code="d">OCLCO</subfield></datafield><datafield ind1=" " ind2=" " tag="042"><subfield code="a">pcc</subfield></datafield><datafield ind1=" " ind2=" " tag="043"><subfield code="a">n-us-ca</subfield></datafield><datafield ind1="0" ind2=" " tag="130"><subfield code="a">Laguna news-post (Laguna Hills, Calif. : South Coast ed.)</subfield></datafield><datafield ind1="1" ind2="0" tag="245"><subfield code="a">Laguna news-post.</subfield></datafield><datafield ind1="1" ind2=" " tag="246"><subfield code="i">Issues for Saturday published as:</subfield><subfield code="f">&lt;Nov. 13, 1976-&gt;</subfield><subfield code="a">News-post</subfield></datafield><datafield ind1="1" ind2=" " tag="246"><subfield code="i">Issue for Wednesday published as:</subfield><subfield code="a">News-post (Coast ed.)</subfield><subfield code="f">Nov. 17, 1976</subfield></datafield><datafield ind1="1" ind2=" " tag="246"><subfield code="i">Issues for Wednesday and Saturday published as:</subfield><subfield code="a">Laguna news-post (Coast ed)</subfield><subfield code="f">&lt;Nov. 20, 1976&gt;-Apr. 6, 1977</subfield></datafield><datafield ind1=" " ind2=" " tag="250"><subfield code="a">South Coast ed.</subfield></datafield><datafield ind1=" " ind2=" " tag="260"><subfield code="a">Laguna Hills, Calif. :</subfield><subfield code="b">Vernon R. Spitaleri</subfield></datafield><datafield ind1=" " ind2=" " tag="300"><subfield code="a">v.</subfield></datafield><datafield ind1=" " ind2=" " tag="310"><subfield code="a">Semiweekly</subfield></datafield><datafield ind1="0" ind2=" " tag="362"><subfield code="a">-62nd year, no. 28 (Apr. 6, 1977).</subfield></datafield><datafield ind1=" " ind2=" " tag="500"><subfield code="a">"Serving Laguna Beach, South Laguna, Laguna Niguel, Dana Point, Capistrano Beach."</subfield></datafield><datafield ind1=" " ind2=" " tag="588"><subfield code="a">Description based on: 61st year, no. 88 (Nov. 3, 1976).</subfield></datafield><datafield ind1=" " ind2="0" tag="651"><subfield code="a">Orange County (Calif.)</subfield><subfield code="v">Newspapers.</subfield></datafield><datafield ind1=" " ind2="7" tag="655"><subfield code="a">Newspapers.</subfield><subfield code="2">fast</subfield><subfield code="0">(OCoLC)fst01423814</subfield></datafield><datafield ind1=" " ind2="7" tag="651"><subfield code="a">California</subfield><subfield code="z">Orange County.</subfield><subfield code="2">fast</subfield><subfield code="0">(OCoLC)fst01206289</subfield></datafield><datafield ind1=" " ind2=" " tag="752"><subfield code="a">United States</subfield><subfield code="b">California</subfield><subfield code="c">Orange</subfield><subfield code="d">Laguna Hills.</subfield></datafield><datafield ind1="0" ind2="0" tag="785"><subfield code="t">Laguna/South Coast news-post</subfield><subfield code="w">(DLC)sn2001060574</subfield></datafield></record>